@article{DASH,
      author={Lenoski, Daniel and Laudon, James and Gharachorloo, Kourosh and
              Weber, W-D and Gupta, Anoop and Hennessy, John and Horowitz, Mark
              and Lam, Monica S.},
      title={The stanford dash multiprocessor},
      journal={Computer},
      volume={25},
      number={3},
      pages={63--79},
      year={1992},
      publisher={IEEE}
}
